<record><leader>00000cas a22000007a 4500</leader><controlfield tag="001">24314374</controlfield><controlfield tag="008">910830d18871888ncuwr ne      0    0eng d</controlfield><datafield ind1=" " ind2=" " tag="010"><subfield code="a">sn 91068335 </subfield></datafield><datafield ind1=" " ind2=" " tag="040"><subfield code="a">NVJ</subfield><subfield code="b">eng</subfield><subfield code="c">NVJ</subfield><subfield code="d">OCLCQ</subfield></datafield><datafield ind1=" " ind2=" " tag="042"><subfield code="a">msc</subfield></datafield><datafield ind1="0" ind2=" " tag="130"><subfield code="a">Goldsboro headlight (Goldsboro, N.C. : 1887)</subfield></datafield><datafield ind1="1" ind2="4" tag="245"><subfield code="a">The Goldsboro headlight.</subfield></datafield><datafield ind1=" " ind2=" " tag="260"><subfield code="a">Goldsboro, N.C. :</subfield><subfield code="b">W.P. Davis</subfield></datafield><datafield ind1=" " ind2=" " tag="300"><subfield code="a">v.</subfield></datafield><datafield ind1=" " ind2=" " tag="310"><subfield code="a">Weekly</subfield></datafield><datafield ind1="1" ind2=" " tag="362"><subfield code="a">Began in 1887.</subfield></datafield><datafield ind1="0" ind2=" " tag="362"><subfield code="a">-v. 1, no. 23 (Feb. 10, 1888).</subfield></datafield><datafield ind1=" " ind2=" " tag="550"><subfield code="a">"Official organ of Wayne County."</subfield></datafield><datafield ind1=" " ind2=" " tag="588"><subfield code="a">Description based on: Vol. 1, no. 18 (Jan. 6, 1888).</subfield></datafield><datafield ind1=" " ind2=" " tag="752"><subfield code="a">United States</subfield><subfield code="b">North Carolina</subfield><subfield code="c">Wayne</subfield><subfield code="d">Goldsboro.</subfield></datafield><datafield ind1="0" ind2="0" tag="785"><subfield code="t">Headlight (Goldsboro, N.C.)</subfield><subfield code="w">(DLC)sn 91068336</subfield></datafield><datafield ind1="1" ind2=" " tag="029"><subfield code="a">AU@</subfield><subfield code="b">000025862701</subfield></datafield></record>